@book{martin2003agile,
  title={Agile software development: principles, patterns, and practices},
  author={Martin, Robert Cecil},
  year={2003},
  publisher={Prentice Hall PTR}
}

@article{martin2000design,
  title={Design principles and design patterns},
  author={Martin, Robert C},
  journal={Object Mentor},
  pages={1--34},
  year={2000}
}

@book{meyer1988object,
  title={Object-oriented software construction},
  author={Meyer, Bertrand},
  volume={2},
  year={1988},
  publisher={Prentice hall New York}
}


@book{landi1993interprocedural,
  title={Interprocedural modification side effect analysis with pointer aliasing},
  author={Landi, William and Ryder, Barbara G and Zhang, Sean},
  volume={28},
  number={6},
  year={1993},
  publisher={ACM}
}

@inproceedings{sualcianu2005purity,
  title={Purity and side effect analysis for Java programs},
  author={S{\u{a}}lcianu, Alexandru and Rinard, Martin},
  booktitle={Verification, Model Checking, and Abstract Interpretation},
  pages={199--215},
  year={2005},
  organization={Springer}
}

@inproceedings{dyer2013boa:icse,
  title={Boa: a language and infrastructure for analyzing ultra-large-scale software repositories},
  author={Dyer, Robert and Nguyen, Hoan Anh and Rajan, Hridesh and Nguyen, Tien N},
  booktitle={Proceedings of the 2013 International Conference on Software Engineering},
  pages={422--431},
  year={2013},
  organization={IEEE Press}
}

@inproceedings{dyer2013boa:gpce,
  title={Declarative Visitors to Ease Fine-grained Source Code Mining with Full History on Billions of AST Nodes},
  author={Dyer, Robert and Rajan, Hridesh and Nguyen, Tien N},
  booktitle={Proceedings of the 2013 International Conference on Generative Programming: Concepts and Experiences},
  year={2013}
}

@article{rinard1997commutativity,
  title={Commutativity analysis: A new analysis technique for parallelizing compilers},
  author={Rinard, Martin C and Diniz, Pedro C},
  journal={ACM Transactions on Programming Languages and Systems (TOPLAS)},
  volume={19},
  number={6},
  pages={942--991},
  year={1997},
  publisher={ACM}
}

@inproceedings{aleen2009commutativity,
  title={Commutativity analysis for software parallelization: letting program transformations see the big picture},
  author={Aleen, Farhana and Clark, Nathan},
  booktitle={ACM Sigplan Notices},
  volume={44},
  number={3},
  pages={241--252},
  year={2009},
  organization={ACM}
}

@article{naumann2007observational,
  title={Observational purity and encapsulation},
  author={Naumann, David A},
  journal={Theoretical Computer Science},
  volume={376},
  number={3},
  pages={205--224},
  year={2007},
  publisher={Elsevier}
}

@inproceedings{barnett200499,
  title={99.44\% pure: Useful abstractions in specifications},
  author={Barnett, Mike and Naumann, David A and Schulte, Wolfram and Sun, Qi},
  booktitle={ECOOP workshop on formal techniques for Java-like programs (FTfJP)},
  year={2004}
}

@inproceedings{cok2008extensions,
  title={Extensions of the theory of observational purity and a practical design for JML},
  author={Cok, David R and Leavens, Gary T},
  booktitle={Seventh International Workshop on Specification and Verification of Component-Based Systems (SAVCBS 2008). Number CS-TR-08-07 in Technical Report. School of EECS, UCF},
  volume={4000},
  pages={32816--2362},
  year={2008}
}

@article{definitionOfObservationalEquivalence,
  title={Communicating and Mobile Systems: The $\pi$-calculus},
  author={Pucella, Riccardo},
  year={2000},
  publisher={Citeseer}
}

@book{aldrich2005open,
  title={Open modules: Modular reasoning about advice},
  author={Aldrich, Jonathan},
  year={2005},
  publisher={Springer}
}

%behavioral subtyping defined in terms of specification
@article{liskov1994behavioral,
  title={A behavioral notion of subtyping},
  author={Liskov, Barbara H and Wing, Jeannette M},
  journal={ACM Transactions on Programming Languages and Systems (TOPLAS)},
  volume={16},
  number={6},
  pages={1811--1841},
  year={1994},
  publisher={ACM}
}

@inproceedings{dhara1996forcing,
  title={Forcing behavioral subtyping through specification inheritance},
  author={Dhara, Krishna Kishore and Leavens, Gary T},
  booktitle={Software Engineering, 1996., Proceedings of the 18th International Conference on},
  pages={258--267},
  year={1996},
  organization={IEEE}
}

@techreport{liskov1999behavioral,
  title={Behavioral subtyping using invariants and constraints},
  author={Liskov, Barbara H and Wing, Jeannette M},
  year={1999},
  institution={DTIC Document}
}

@techreport{leavens2006behavioral,
  title={Behavioral subtyping, specification inheritance, and modular reasoning},
  author={Leavens, Gary T and Naumann, David A},
  year={2006},
  institution={Technical Report 06-20a, Department of Computer Science, Iowa State University, Ames, Iowa}
}

%using JML to test for behavioral subtyping.
@article{leavens2006design,
  title={Design by Contract with JML},
  author={Leavens, Gary T and Cheon, Yoonsik},
  journal={Draft, available from jmlspecs. org},
  year={2006}
}
